% This file was created with JabRef 2.6.
% Encoding: Cp1252

@BOOK{Bar-Shalom2002,
  title = {Estimation with Applications to Tracking and Navigation: Theory,
	Algorithms and Software},
  publisher = {Wiley Online Library},
  year = {2002},
  author = {Yaakov Bar-Shalom and X.-Rong Li and Thiagalingam Kirubarajan}
}

@ARTICLE{Briers2010,
  author = {Briers, Mark and Doucet, Arnaud and Maskell, Simon},
  title = {Smoothing algorithms for state–space models},
  journal = {Annals of the Institute of Statistical Mathematics},
  year = {2010},
  volume = {62},
  pages = {61-89}
}

@ARTICLE{Cappe2007,
  author = {Capp{\'e}, O. and Godsill, S.J. and Moulines, E.},
  title = {An overview of existing methods and recent advances in sequential
	{Monte Carlo}},
  journal = {Proceedings of the IEEE},
  year = {2007},
  volume = {95},
  pages = {899--924}
}

@INPROCEEDINGS{Douc2005,
  author = {Douc, R. and Cappe, O. and Moulines, E.},
  title = {Comparison of resampling schemes for particle filtering},
  booktitle = {Proc. 4th Int. Symp. Image and Signal Processing and Analysis},
  year = {2005}
}

@ARTICLE{Douc2009,
  author = {Douc, R. and Garivier, A. and Moulines, E. and Olsson, J.},
  title = {On the Forward Filtering Backward Smoothing particle approximations
	of the smoothing distribution in general state spaces models},
  journal = {Arxiv preprint arXiv:0904.0316v1},
  year = {2009}
}

@ARTICLE{Doucet2000a,
  author = {Doucet, Arnaud and Godsill, Simon and Andrieu, Christophe},
  title = {On sequential {Monte Carlo} sampling methods for {Bayesian} filtering},
  journal = {Statistics and Computing},
  year = {2000},
  volume = {10},
  pages = {197-208}
}

@INCOLLECTION{Doucet2009,
  author = {Doucet, A. and Johansen, A. M.},
  title = {A tutorial on particle filtering and smoothing: Fifteen years later},
  booktitle = {The Oxford Handbook of Nonlinear Filtering},
  publisher = {Oxford University Press},
  year = {2009},
  editor = {Crisan, D and Rozovsky, B}
}

@ARTICLE{Fearnhead2010,
  author = {Fearnhead, Paul and Wyncoll, David and Tawn, Jonathan},
  title = {A sequential smoothing algorithm with linear computational cost},
  journal = {Biometrika},
  year = {2010},
  volume = {97},
  pages = {447-464}
}

@ARTICLE{Geman1984,
  author = {Geman, S. and Geman, D.},
  title = {{Gibbs} distributions, and the {Bayesian} restoration of images},
  journal = {IEEE Transactions on Pattern Analysis and Machine Intelligence},
  year = {1984},
  volume = {6},
  pages = {721--741}
}

@BOOK{Gilks1996,
  title = {Markov chain Monte Carlo in practice},
  publisher = {Chapman and Hall},
  year = {1996},
  author = {Gilks, W.R. and Richardson, S. and Spiegelhalter, D.J.}
}

@ARTICLE{Godsill2004,
  author = {Godsill, Simon J and Doucet, Arnaud and West, Mike},
  title = {{Monte Carlo} Smoothing for Nonlinear Time Series},
  journal = {Journal of the American Statistical Association},
  year = {2004},
  volume = {99},
  pages = {156-168}
}

@ARTICLE{Gordon1993,
  author = {Gordon, N.J. and Salmond, D.J. and Smith, A.F.M.},
  title = {Novel approach to nonlinear/non-{Gaussian Bayesian} state estimation},
  journal = {Radar and Signal Processing, IEE Proceedings F},
  year = {1993},
  volume = {140},
  pages = {107-113}
}

@ARTICLE{Hastings1970,
  author = {Hastings, W. K.},
  title = {{Monte Carlo} sampling methods using {Markov} chains and their applications},
  journal = {Biometrika},
  year = {1970},
  volume = {57},
  pages = {97-109}
}

@ARTICLE{Julier2004,
  author = {Julier, S.J. and Uhlmann, J.K.},
  title = {Unscented filtering and nonlinear estimation},
  journal = {Proceedings of the IEEE},
  year = {2004},
  volume = {92},
  pages = {401-422}
}

@ARTICLE{Kalman1960,
  author = {Kalman, R E},
  title = {A new approach to linear filtering and prediction problems},
  journal = {Journal Of Basic Engineering},
  year = {1960},
  volume = {82},
  pages = {35-45}
}

@ARTICLE{Kitagawa1996,
  author = {Kitagawa, Genshiro},
  title = {{Monte Carlo} Filter and Smoother for Non-{Gaussian} Nonlinear State
	Space Models},
  journal = {Journal of Computational and Graphical Statistics},
  year = {1996},
  volume = {5},
  pages = {1-25}
}

@INPROCEEDINGS{Klaas2006,
  author = {Klaas, Mike and Briers, Mark and de Freitas, Nando and Doucet, Arnaud
	and Maskell, Simon and Lang, Dustin},
  title = {Fast particle smoothing: {If I} had a million particles},
  booktitle = {Proc. 23rd Int. Conf. Machine learning},
  year = {2006},
  pages = {481-488}
}

@ARTICLE{Pitt1999,
  author = {Pitt, Michael K. and Shephard, Neil},
  title = {Filtering via Simulation: Auxiliary Particle Filters},
  journal = {Journal of the American Statistical Association},
  year = {1999},
  volume = {94},
  pages = {590-599}
}

@ARTICLE{Rauch1965,
  author = {Rauch, H.E. and Tung, F. and Striebel, CT},
  title = {Maximum likelihood estimates of linear dynamic systems},
  journal = {AIAA journal},
  year = {1965},
  volume = {3},
  pages = {1445-1450}
}

